%% This BibTeX bibliography file was created using BibDesk.
%% http://bibdesk.sourceforge.net/

%% Created for Eric Kim at 2013-10-24 13:10:36 -0400 

%% Saved with string encoding Unicode (UTF-8) 

@article{renaudin,
	Author = {Valerie Renaudin and Okan Yalak and Philip Tome and Betrand Merminod},
	Journal = {European Journal of Navigation},
	Month = {July},
	Number = {3},
	Title = {Indoor Navigation of Emergency Agents},
	Volume = {5},
	Year = {2007}}

@inproceedings{feldman,
  	added-at = {2003-10-15T00:00:00.000+0200},
 	Author = {Feldmann, Silke and Kyamakya, Kyandoghere and Zapater, Ana and Lue, Zighuo},
 	Biburl = {http://www.bibsonomy.org/bibtex/23eb954ee44e97edb46eeaf48a5de677d/dblp},
	Title = {An Indoor Bluetooth-Based Positioning System: Concept, Implementation and Experimental Evaluation},
 	Booktitle = {International Conference on Wireless Networks},
	Year = {2003},
 	date = {2003-10-15},
 	description = {dblp},
 	editor = {Zhuang, Weihua and Yeh, Chi-Hsiang and Droegehorn, Olaf and Toh, C.-T. and Arabnia, Hamid R.},
 	interhash = {820e73c499e9007834d31c1d6f8b805d},
 	intrahash = {3eb954ee44e97edb46eeaf48a5de677d},
 	isbn = {1-932415-03-3},
 	keywords = {dblp},
 	pages = {109-113}}

@mastersthesis{bekkelien,
	Author = {Anja Bekkelien},
	School = {University of Geneva},
	Title = {Bluetooth Indoor Positioning},
	Year = {2012}}

@inproceedings{Ravi:1999,
	Author = {Ravi, R. and Salman, F. S.},
	Booktitle = {Proceedings of the 7th Annual European Symposium on Algorithms},
	Title = {Approximation Algorithms for the Traveling Purchaser Problem and its Variants in Network Design},
	Url = {http://dl.acm.org/citation.cfm?id=647909.740164},
	Year = {1999},
	Bdsk-Url-1 = {http://dl.acm.org/citation.cfm?id=647909.740164}}

@misc{gottipati,
	Author = {Gottipati Harry},
	Howpublished = {\texttt{http://gigaom.com/2013/09/10/with-ibeacon-apple-is-going-to-dump-on-nfc-and-embrace- the-internet-of-things/}},
	Title = {With i{B}eacon, {A}pple is going to dumb on {NFC} and embrace the internet of things},
	Year = {2013}}

@misc{aisle411,
	Author = {Aisle411},
	Date-Modified = {2013-10-24 17:03:32 +0000},
	Howpublished = {\texttt{http://aisle411.com}},
	Note = {Aisle411 has several indoor navigation APIs, such as indoor search and turn by turn navigation},
	Title = {Indoor Navigation for Shopping Malls}}

@misc{android,
	Author = {Google},
	Howpublished = {\texttt{http://developer.android.com/guide/topics/ connectivity/bluetooth-le.html}},
	Title = {Android {D}evelopers: Bluetooth {L}ow {E}nergy}}

@misc{apple,
	Author = {Apple},
	Howpublished = {\texttt{https://developer.apple.com/library/ios/ documentation/NetworkingInternetWeb/Conceptual/ CoreBluetooth\_concepts/AboutCoreBluetooth/ Introduction.html}},
	Title = {i{OS} {D}eveloper {L}ibrary: {C}ore {B}luetooth {P}rogramming {G}uide}}

@misc{senion,
	Author = {SenionLab{,} Meridian},
	Howpublished = {\texttt{http://senionlab.com} and \texttt{http://meridianapps.com}},
	Note = {SenionLab and Meridian both offer wifi based indoor navigation APIs to integrate with existing applications}}

@misc{cheung,
    	Author = {Kenneth C. Cheung and Stephen S. Intille and Kent Larson},
    	Title = {An Inexpensive Bluetooth-Based Indoor Positioning Hack},
	School = {Massachusetts Insititute of Technology},
	Url = {http://architecture.mit.edu/house\_n/documents/CheungIntilleLarson2006.pdf},
    	Year = {2008}
}
