
@COMMENT{Andrew G. West - progress_spec.bib - 10/29/2012} 
@COMMENT{BibTex for CIS400/401 Progress Report Specification}

@article{renaudin,
	Author = {Valerie Renaudin and Okan Yalak and Philip Tome and Betrand Merminod},
	Journal = {European Journal of Navigation},
	Month = {July},
	Number = {3},
	Title = {Indoor Navigation of Emergency Agents},
	Volume = {5},
	Year = {2007}}

@inproceedings{feldman,
	Added-At = {2003-10-15T00:00:00.000+0200},
	Author = {Feldmann, Silke and Kyamakya, Kyandoghere and Zapater, Ana and Lue, Zighuo},
	Biburl = {http://www.bibsonomy.org/bibtex/23eb954ee44e97edb46eeaf48a5de677d/dblp},
	Booktitle = {International Conference on Wireless Networks},
	Date = {2003-10-15},
	Description = {dblp},
	Editor = {Zhuang, Weihua and Yeh, Chi-Hsiang and Droegehorn, Olaf and Toh, C.-T. and Arabnia, Hamid R.},
	Interhash = {820e73c499e9007834d31c1d6f8b805d},
	Intrahash = {3eb954ee44e97edb46eeaf48a5de677d},
	Isbn = {1-932415-03-3},
	Keywords = {dblp},
	Pages = {109-113},
	Title = {An Indoor Bluetooth-Based Positioning System: Concept, Implementation and Experimental Evaluation},
	Year = {2003}}

@mastersthesis{bekkelien,
	Author = {Anja Bekkelien},
	School = {University of Geneva},
	Title = {Bluetooth Indoor Positioning},
	Year = {2012}}

@inproceedings{Ravi:1999,
	Author = {Ravi, R. and Salman, F. S.},
	Booktitle = {Proceedings of the 7th Annual European Symposium on Algorithms},
	Title = {Approximation Algorithms for the Traveling Purchaser Problem and its Variants in Network Design},
	Url = {http://dl.acm.org/citation.cfm?id=647909.740164},
	Year = {1999},
	Bdsk-Url-1 = {http://dl.acm.org/citation.cfm?id=647909.740164}}

@misc{gottipati,
	Author = {Gottipati Harry},
	Howpublished = {\texttt{http://gigaom.com/2013/09/10/with-ibeacon-apple-is-going-to-dump-on-nfc-and-embrace- the-internet-of-things/}},
	Title = {With i{B}eacon, {A}pple is going to dumb on {NFC} and embrace the internet of things},
	Year = {2013}}

@misc{aisle411,
	Author = {Aisle411},
	Date-Modified = {2013-10-24 17:03:32 +0000},
	Howpublished = {\texttt{http://aisle411.com}},
	Note = {Aisle411 has several indoor navigation APIs, such as indoor search and turn by turn navigation},
	Title = {Indoor Navigation for Shopping Malls}}

@misc{android,
	Author = {Google},
	Howpublished = {\texttt{http://developer.android.com/guide/topics/ connectivity/bluetooth-le.html}},
	Title = {Android {D}evelopers: Bluetooth {L}ow {E}nergy}}

@misc{apple,
	Author = {Apple},
	Howpublished = {\texttt{https://developer.apple.com/library/ios/ documentation/NetworkingInternetWeb/Conceptual/ CoreBluetooth\_concepts/AboutCoreBluetooth/ Introduction.html}},
	Title = {i{OS} {D}eveloper {L}ibrary: {C}ore {B}luetooth {P}rogramming {G}uide}}

@misc{senion,
	Author = {SenionLab{,} Meridian},
	Date-Modified = {2013-12-13 21:05:15 +0000},
	Howpublished = {\texttt{http://senionlab.com} and \texttt{http://meridianapps.com}},
	Note = {SenionLab and Meridian both offer wifi based indoor navigation APIs to integrate with existing applications},
	Title = {Wifi Based Navigation systems}}

@misc{indoo.rs,
	Author = {Indoo.rs},
	Howpublished = {http://indoo.rs/},
	Note = {Indoo.rs offers a BLE based indoor navigation SDK to integrate with existing applications. It includes navigation capabilities, analytics on user movement, and routing tools.},
	Title = {{BLE} based indoor positioning}}

@misc{cheung,
	Author = {Kenneth C. Cheung and Stephen S. Intille and Kent Larson},
	School = {Massachusetts Insititute of Technology},
	Title = {An Inexpensive Bluetooth-Based Indoor Positioning Hack},
	Url = {http://architecture.mit.edu/house\_n/documents/CheungIntilleLarson2006.pdf},
	Year = {2008},
	Bdsk-Url-1 = {http://architecture.mit.edu/house%5C_n/documents/CheungIntilleLarson2006.pdf}}

